
@article{rubin2020,
	title = {Does preregistration improve the credibility of research findings?},
	volume = {16},
	url = {http://arxiv.org/abs/2010.10513},
	doi = {10.20982/tqmp.16.4.p376},
	number = {4},
	journal = {Tutorials in Quantitative Methods for Psychology},
	author = {Rubin, Mark},
	month = oct,
	year = {2020},
	keywords = {scfb},
	pages = {376--309},
}

@article{quested2011,
	title = {Perceived autonomy support, motivation regulations and the self-evaluative tendencies of student dancers},
	volume = {15},
	issn = {1089-313X},
	url = {https://www.ncbi.nlm.nih.gov/pubmed/21703088},
	number = {1},
	journal = {Journal of Dance Medicine \& Science},
	author = {Quested, Eleanor and Duda, Joan L},
	month = mar,
	year = {2011},
	keywords = {scfb},
	pages = {3--14},
}

@article{yantha2021,
  title={The recommendation for learners to be provided with control over their feedback schedule is questioned in a self-controlled learning paradigm},
  author={Yantha, Zachary D. and McKay, Brad and Ste-Marie, Diane M.},
  journal={Journal of Sports Sciences},
  pages={1--14},
  year={in-press},
  doi = {https://doi.org/10.1080/02640414.2021.2015945},
  publisher={Taylor \& Francis}
}

@article{stgermain2022,
	title = {Increased perceptions of autonomy through choice fail to enhance motor skill retention},
	volume = {48},
	issn = {0096-1523},
	number = {4},
	url = {https://doi.org/10.1037/xhp0000992},
	doi = {10.1037/xhp0000992},
	journal = {Journal of Experimental Psychology: Human Perception and Performance},
	author = {St. Germain, Laura and Williams, Allison and Balbaa, Noura and Poskus, Andrew and Leshchyshen, Olena and Lohse, Keith R. and Carter, Michael J.},
	month = feb,
	pages={370--379},
	year = {2022},
	keywords = {scfb},
}

@phdthesis{ho2016,
	address = {Ann Arbor, United States},
	title = {Self-controlled learning and differential goals: {Does} "too easy" and "too difficult" affect the self-control paradigm?},
	url = {http://libaccess.mcmaster.ca/login?url=https://www.proquest.com/dissertations-theses/self-controlled-learning-differential-goals-does/docview/1860894122/se-2},
	school = {California State University, Long Beach},
	author = {Ho, Rachel L M},
	year = {2016},
	note = {Publication Title: Kinesiology},
	keywords = {scfb},
}

@article{bakeman2005,
	title = {Recommended effect size statistics for repeated measures designs},
	volume = {37},
	issn = {1554-351X},
	url = {http://dx.doi.org/10.3758/bf03192707},
	doi = {10.3758/bf03192707},
	number = {3},
	journal = {Behavior Research Methods},
	author = {Bakeman, Roger},
	month = aug,
	year = {2005},
	keywords = {scfb},
	pages = {379--384},
}

@article{olejnik2003,
	title = {Generalized eta and omega squared statistics: measures of effect size for some common research designs},
	volume = {8},
	issn = {1082-989X},
	url = {http://dx.doi.org/10.1037/1082-989X.8.4.434},
	doi = {10.1037/1082-989X.8.4.434},
	number = {4},
	journal = {Psychological Methods},
	author = {Olejnik, Stephen and Algina, James},
	month = dec,
	year = {2003},
	keywords = {scfb},
	pages = {434--447},
}

@article{lakens2013,
	title = {Calculating and reporting effect sizes to facilitate cumulative science: a practical primer for t-tests and {ANOVAs}},
	volume = {4},
	issn = {1664-1078},
	url = {http://dx.doi.org/10.3389/fpsyg.2013.00863},
	doi = {10.3389/fpsyg.2013.00863},
	journal = {Frontiers in Psychology},
	author = {Lakens, Daniël},
	month = nov,
	year = {2013},
	keywords = {cohen's d, effect sizes, eta-squared, power analysis, sample size planning, scfb},
	pages = {863},
}

@article{ryan1982,
	title = {Control and information in the intrapersonal sphere: {An} extension of cognitive evaluation theory},
	volume = {43},
	url = {http://sdtheory.s3.amazonaws.com/SDT/documents/1982_Ryan_ControlandInfo_JPSP.pdf},
	doi = {10.1037/0022-3514.43.3.450},
	number = {3},
	journal = {Journal of Personality and Social Psychology},
	author = {Ryan, R M},
	year = {1982},
	keywords = {scfb},
	pages = {450--461},
}

@article{couvillion2020,
	title = {Increased cognitive load during acquisition of a continuous task eliminates the learning effects of self-controlled knowledge of results},
	volume = {38},
	issn = {0264-0414},
	url = {http://dx.doi.org/10.1080/02640414.2019.1682901},
	doi = {10.1080/02640414.2019.1682901},
	number = {1},
	journal = {Journal of Sports Sciences},
	author = {Couvillion, Kaylee F and Bass, Andrew D and Fairbrother, Jeffrey T},
	month = jan,
	year = {2020},
	keywords = {autonomy, cognitive load, continuous task, motor learning, scfb, Self-controlled feedback, self-controlled learning},
	pages = {94--99},
}

@article{woodard2020,
	title = {Cognitive loading during and after continuous task execution alters the effects of self-controlled knowledge of results},
	volume = {11},
	issn = {1664-1078},
	url = {http://dx.doi.org/10.3389/fpsyg.2020.01046},
	doi = {10.3389/fpsyg.2020.01046},
	journal = {Frontiers in Psychology},
	author = {Woodard, Kaylee F and Fairbrother, Jeffrey T},
	month = jun,
	year = {2020},
	keywords = {closed-loop control, feedback, information processing, motor learning, motor performance, online processing, scfb, self-control},
	pages = {1046},
}

@article{bacelar2022,
	title = {Dissociating the contributions of motivational and information processing factors to the self-controlled feedback learning benefit},
	volume = {59},
	issn = {1469-0292},
	url = {https://www.sciencedirect.com/science/article/pii/S1469029221002375},
	doi = {10.1016/j.psychsport.2021.102119},
	journal = {Psychology of Sport and Exercise},
	author = {Bacelar, Mariane F. B. and Parma, Juliana O. and Cabral, Daniel and Daou, Marcos and Lohse, Keith R. and Miller, Matthew W.},
	month = mar,
	year = {2022},
	keywords = {Autonomy support, Intrinsic motivation, OPTIMAL theory, Performance estimation, scfb},
	pages = {102119},
}

@article{sigrist2013,
	title = {Augmented visual, auditory, haptic, and multimodal feedback in motor learning: a review},
	volume = {20},
	issn = {1069-9384},
	url = {http://dx.doi.org/10.3758/s13423-012-0333-8},
	doi = {10.3758/s13423-012-0333-8},
	number = {1},
	journal = {Psychonomic Bulletin \& Review},
	author = {Sigrist, Roland and Rauter, Georg and Riener, Robert and Wolf, Peter},
	month = feb,
	year = {2013},
	keywords = {scfb},
	pages = {21--53},
}

@article{mckay2020b,
	title = {Autonomy Support via Instructionally Irrelevant Choice Not Beneficial for Motor Performance or Learning},
	issn = {0270-1367},
	url = {http://dx.doi.org/10.1080/02701367.2020.1795056},
	doi = {10.1080/02701367.2020.1795056},
	journal = {Research Quarterly for Exercise and Sport},
	author = {McKay, Brad and Ste-Marie, Diane M},
	month = aug,
	year = {2022},
	volume = {93},
	issue = {1},
	publisher={Taylor \& Francis},
	keywords = {Autonomy, OPTIMAL theory, scfb, schema theory, variable practice},
	pages = {64--76},
}

@article{mckay2021,
  title = {Meta-analytic findings in the self-controlled motor learning literature: {Underpowered}, biased, and lacking evidential value},
  url = {psyarxiv.com/8d3nb},
  doi = {10.31234/osf.io/8d3nb},
  journal = {Meta-Psychology},
  author = {McKay, Brad and Yantha, Zachary D. and Hussien, Julia and Carter, Michael J. and Ste-Marie, Diane M.},
  year = {in-press},
  pubstate = {in-press}
}

@article{harms2018,
	title = {Making 'null effects' informative: statistical techniques and inferential frameworks},
	volume = {3},
	issn = {1931-5244},
	url = {https://www.ncbi.nlm.nih.gov/pubmed/30873486},
	doi = {10.18053/jctres.03.2017S2.007},
	number = {Suppl 2},
	journal = {Translational Research},
	author = {Harms, Christopher and Lakens, Daniël},
	month = jul,
	year = {2018},
	keywords = {bayes factors, bayesian estimation, equivalence testing, hypothesis, scfb},
	pages = {382--393},
}

@article{mckay2014,
	title = {Self-controlled learning: {A} meta analysis},
	volume = {36},
	number = {s1},
	journal = {Journal of Sport and Exercise Psychology},
	author = {McKay, Brad and Carter, Michael J. and Ste-Marie, Diane M.},
	year = {2014},
	keywords = {scfb},
}

@article{mckay2020a,
	title = {Autonomy support and reduced feedback frequency have trivial effects on learning and performance of a golf putting task},
	volume = {71},
	issn = {0167-9457},
	url = {http://dx.doi.org/10.1016/j.humov.2020.102612},
	doi = {10.1016/j.humov.2020.102612},
	journal = {Human Movement Science},
	author = {McKay, Brad and Ste-Marie, Diane M},
	month = jun,
	year = {2020},
	keywords = {Augmented feedback, Autonomy, Guidance Hypothesis, Motor learning, Motor performance, OPTIMAL Theory, scfb},
	pages = {102612},
}

@article{oldfield1971,
	title = {The assessment and analysis of handedness: the {Edinburgh} inventory},
	volume = {9},
	issn = {0028-3932},
	url = {http://dx.doi.org/10.1016/0028-3932(71)90067-4},
	doi = {10.1016/0028-3932(71)90067-4},
	number = {1},
	journal = {Neuropsychologia},
	author = {Oldfield, R C},
	month = mar,
	year = {1971},
	note = {Publisher: andersgade.dk},
	keywords = {scfb},
	pages = {97--113},
}

@article{lakens2017,
	title = {Equivalence tests: {A} practical primer for t tests, correlations, and meta-analyses},
	volume = {8},
	issn = {1948-5506},
	url = {http://dx.doi.org/10.1177/1948550617697177},
	doi = {10.1177/1948550617697177},
	number = {4},
	journal = {Social Psychological and Personality Science},
	author = {Lakens, Daniël},
	month = may,
	year = {2017},
	keywords = {equivalence testing, null hypothesis significance testing, power analysis, research methods, scfb},
	pages = {355--362},
}

@article{luft2014,
	title = {Learning from feedback: the neural mechanisms of feedback processing facilitating better performance},
	volume = {261},
	issn = {0166-4328},
	url = {http://dx.doi.org/10.1016/j.bbr.2013.12.043},
	doi = {10.1016/j.bbr.2013.12.043},
	journal = {Behavioural Brain Research},
	author = {Luft, Caroline Di Bernardi},
	month = mar,
	year = {2014},
	keywords = {Connectivity, ERP, Feedback, FRN, Learning, Oscillations, scfb},
	pages = {356--368},
}

@article{mcauley1989,
	title = {Psychometric properties of the {Intrinsic} {Motivation} {Inventory} in a competitive sport setting: a confirmatory factor analysis},
	volume = {60},
	issn = {0270-1367},
	url = {http://dx.doi.org/10.1080/02701367.1989.10607413},
	doi = {10.1080/02701367.1989.10607413},
	number = {1},
	journal = {Research Quarterly for Exercise and Sport},
	author = {McAuley, E and Duncan, T and Tammen, V V},
	month = mar,
	year = {1989},
	keywords = {scfb},
	pages = {48--58},
}

@article{chiviacowsky2014,
	title = {Self-controlled practice: Autonomy protects perceptions of competence and enhances motor learning},
	author = {{Chiviacowsky}, {Suzete}},
	year = {2014},
	month = {09},
	date = {2014-09-01},
	journal = {Psychology of Sport and Exercise},
	pages = {505--510},
	volume = {15},
	number = {5},
	doi = {10.1016/j.psychsport.2014.05.003},
	url = {https://www.sciencedirect.com/science/article/pii/S1469029214000685},
	langid = {en}
}

@article{chiviacowsky2005,
	title = {Self-controlled feedback is effective if it is based on the learner's performance},
	volume = {76},
	issn = {0270-1367},
	url = {http://dx.doi.org/10.1080/02701367.2005.10599260},
	doi = {10.1080/02701367.2005.10599260},
	number = {1},
	journal = {Research Quarterly for Exercise and Sport},
	author = {Chiviacowsky, Suzete and Wulf, Gabriele},
	month = mar,
	year = {2005},
	keywords = {scfb},
	pages = {42--48},
}

@article{pathania2019,
	title = {Challenge, motivation, and effort: {Neural} and behavioral correlates of self-control of difficulty during practice},
	volume = {141},
	issn = {0301-0511},
	url = {http://dx.doi.org/10.1016/j.biopsycho.2019.01.001},
	doi = {10.1016/j.biopsycho.2019.01.001},
	journal = {Biological Psychology},
	author = {Pathania, Anupriya and Leiker, Amber M. and Euler, Matthew and Miller, Matthew W. and Lohse, Keith R.},
	month = feb,
	year = {2019},
	keywords = {Autonomy, EEG, Motivation, Motor learning, scfb},
	pages = {52--63},
}

@article{leiker2019,
	title = {Exploring the {Neurophysiological} {Effects} of {Self}-{Controlled} {Practice} in {Motor} {Skill} {Learning}},
	volume = {7},
	issn = {2325-3193},
	url = {https://doi.org/10.1123/jmld.2017-0051},
	doi = {10.1123/jmld.2017-0051},
	number = {1},
	journal = {Journal of Motor Learning and Development},
	author = {Leiker, Amber M. and Pathania, Anupriya and Miller, Matthew W. and Lohse, Keith R.},
	month = apr,
	year = {2019},
	note = {Publisher: Human Kinetics},
	keywords = {scfb},
	pages = {13--34},
}

@article{laughlin2015,
	title = {Self-control behaviors during the learning of a cascade juggling task},
	volume = {41},
	issn = {0167-9457},
	url = {https://www.sciencedirect.com/science/article/pii/S0167945715000214/pdfft?md5=6b5ba749aa46d2a949a9aa6ed6028aca&pid=1-s2.0-S0167945715000214-main.pdf&isDTMRedir=true&download=true},
	doi = {10.1016/j.humov.2015.02.002},
	urldate = {2019-04-01},
	journal = {Human Movement Science},
	author = {Laughlin, David D and Fairbrother, Jeffrey T and Wrisberg, Craig A and Alami, Arya and Fisher, Leslee A and Huck, Schuyler W},
	year = {2015},
	keywords = {scfb},
	pages = {9--19},
}

@article{barros2019,
	title = {Examining the impact of error estimation on the effects of self-controlled feedback},
	volume = {63},
	issn = {0167-9457},
	url = {http://dx.doi.org/10.1016/j.humov.2018.12.002},
	doi = {10.1016/j.humov.2018.12.002},
	journal = {Human Movement Science},
	author = {Barros, Joao A. C. and Yantha, Zachary D. and Carter, Michael J. and Hussien, Julia and Ste-Marie, Diane M.},
	month = feb,
	year = {2019},
	keywords = {Autonomy, Competence, Information-processing, Motivation, Motor learning, scfb, Yoked feedback},
	pages = {182--198},
}

@article{wulf2018,
	title = {Lassoing skill through learner choice},
	volume = {50},
	issn = {0022-2895},
	url = {http://dx.doi.org/10.1080/00222895.2017.1341378},
	doi = {10.1080/00222895.2017.1341378},
	number = {3},
	journal = {Journal of Motor Behavior},
	author = {Wulf, Gabriele and Iwatsuki, Takehiro and Machin, Brittney and Kellogg, Jessica and Copeland, Clint and Lewthwaite, Rebecca},
	month = may,
	year = {2018},
	keywords = {autonomy support, Mar 27 import, motivation, scfb, self-control},
	pages = {285--292},
}

@article{wulf2014,
	title = {Choosing to exercise more: {Small} choices increase exercise engagement},
	volume = {15},
	issn = {1469-0292},
	url = {http://www.sciencedirect.com/science/article/pii/S146902921400020X},
	doi = {10.1016/j.psychsport.2014.01.007},
	number = {3},
	journal = {Psychology of Sport and Exercise},
	author = {Wulf, Gabriele and Freitas, Heidi E and Tandy, Richard D},
	month = may,
	year = {2014},
	keywords = {Autonomy support, Fundamental psychological needs, Health, Mar 27 import, Motivation, scfb},
	pages = {268--271},
}

@article{iwatsuki2018,
	title = {Autonomy enhances running efficiency},
	volume = {37},
	issn = {0264-0414},
	url = {http://dx.doi.org/10.1080/02640414.2018.1522939},
	doi = {10.1080/02640414.2018.1522939},
	number = {6},
	journal = {Journal of Sports Sciences},
	author = {Iwatsuki, Takehiro and Navalta, James W and Wulf, Gabriele},
	year = {2018},
	keywords = {Choice, heart rate, Mar 27 import, movement economy, oxygen consumption, scfb},
	pages = {685--691},
}

@article{iwatsuki2017,
	title = {Autonomy facilitates repeated maximum force productions},
	volume = {55},
	issn = {0167-9457},
	url = {http://dx.doi.org/10.1016/j.humov.2017.08.016},
	doi = {10.1016/j.humov.2017.08.016},
	journal = {Human Movement Science},
	author = {Iwatsuki, Takehiro and Abdollahipour, Reza and Psotta, Rudolf and Lewthwaite, Rebecca and Wulf, Gabriele},
	month = oct,
	year = {2017},
	keywords = {Choice, Hand-grip dynamometer, Mar 27 import, scfb, Self-control},
	pages = {264--268},
}

@article{carter2017b,
	title = {Not all choices are created equal: {Task}-relevant choices enhance motor learning compared to task-irrelevant choices},
	volume = {24},
	issn = {1069-9384},
	url = {http://dx.doi.org/10.3758/s13423-017-1250-7},
	doi = {10.3758/s13423-017-1250-7},
	number = {6},
	journal = {Psychonomic Bulletin \& Review},
	author = {Carter, Michael J. and Ste-Marie, Diane M.},
	month = dec,
	year = {2017},
	keywords = {Autonomy, Competence, Error estimation, Information processing, Mar 27 import, Motor learning, scfb},
	pages = {1879--1888},
}

@article{grand2017,
	title = {Investigating the mechanisms underlying the effects of an incidental choice on motor learning},
	volume = {5},
	issn = {2325-3193},
	url = {https://doi.org/10.1123/jmld.2016-0041},
	doi = {10.1123/jmld.2016-0041},
	number = {2},
	journal = {Journal of Motor Learning and Development},
	author = {Grand, Kirk F. and Daou, Marcos and Lohse, Keith R. and Miller, Matthew W.},
	month = dec,
	year = {2017},
	note = {Publisher: Human Kinetics},
	keywords = {Mar 27 import, scfb},
	pages = {207--226},
}

@article{salmoni1984,
	title = {Knowledge of results and motor learning: a review and critical reappraisal},
	volume = {95},
	issn = {0033-2909},
	url = {http://dx.doi.org/10.1037/0033-2909.95.3.355},
	doi = {10.1037/0033-2909.95.3.355},
	number = {3},
	journal = {Psychological Bulletin},
	author = {Salmoni, A W and Schmidt, R A and Walter, C B},
	year = {1984},
	keywords = {1984, 3, 355-386, 95, american psychological association, chological bulletin, copyright 1984 by the, inc, Mendeley Import (Mar 25), no, scfb, vol},
	pages = {355--386},
}

@article{lewthwaite2015,
	title = {Choose to move: {The} motivational impact of autonomy support on motor learning},
	volume = {22},
	issn = {1069-9384},
	url = {http://dx.doi.org/10.3758/s13423-015-0814-7},
	doi = {10.3758/s13423-015-0814-7},
	number = {5},
	journal = {Psychonomic Bulletin \& Review},
	author = {Lewthwaite, Rebecca and Chiviacowsky, Suzete and Drews, Ricardo and Wulf, Gabriele},
	year = {2015},
	keywords = {and, balance learning, choice, control over personal actions, factors that influence one, fundamental, golf putting, Mar 27 import, psychological needs, s life appears to, satisfy a basic psy-, scfb, Self-Control, self-controlled practice, the opportunity to exercise},
	pages = {1383--1388},
}

@article{grand2015,
	title = {Why self-controlled feedback enhances motor learning: {Answers} from electroencephalography and indices of motivation},
	volume = {43},
	issn = {0167-9457},
	url = {http://dx.doi.org/10.1016/j.humov.2015.06.013},
	doi = {10.1016/j.humov.2015.06.013},
	journal = {Human Movement Science},
	author = {Grand, Kirk F. and Bruzi, Alessandro T. and Dyke, Ford B. and Godwin, Maurice M. and Leiker, Amber M. and Thompson, Andrew G. and Buchanan, Taylor L. and Miller, Matthew W.},
	year = {2015},
	note = {Publisher: Elsevier B.V.},
	keywords = {Feedback-related negativity, Intrinsic motivation, scfb, Self-Control, Self-controlled learning},
	pages = {23--32},
}

@article{chiviacowsky2002,
	title = {Self-controlled feedback: {Does} it enhance learning because performers get feedback when they need it?},
	volume = {73},
	issn = {0270-1367},
	url = {http://www.ncbi.nlm.nih.gov/pubmed/12495242%5Cnhttp://apps.webofknowledge.com/full_record.do?product=UA&search_mode=GeneralSearch&qid=133&SID=1CeERFzrfsneZlqweuO&page=1&doc=1},
	doi = {10.1080/02701367.2002.10609040},
	number = {4},
	journal = {Research Quarterly for Exercise and Sport},
	author = {Chiviacowsky, Suzete and Wulf, Gabriele},
	year = {2002},
	keywords = {Adult, BANDWIDTH KNOWLEDGE, BENEFITS, Feedback, Female, Humans, knowledge of results, Learning, Learning: physiology, Male, motor learning, MOTOR SKILL, PROGRAM, Psychological, Psychological: physiology, REDUCED FREQUENCY, RELATIVE FREQUENCY, Retention (Psychology), Retention (Psychology): physiology, scfb, Self-Control, self-control timing, Task Performance and Analysis, Transfer (Psychology), Transfer (Psychology): physiology, VARIABILITY, VIEW},
	pages = {408--415},
}

@article{sanli2013,
	title = {Understanding self-controlled motor learning protocols through the self-determination theory},
	volume = {3},
	issn = {1664-1078},
	url = {http://dx.doi.org/10.3389/fpsyg.2012.00611},
	doi = {10.3389/fpsyg.2012.00611},
	number = {JAN},
	journal = {Frontiers in Psychology},
	author = {Sanli, Elizabeth A and Patterson, Jae T and Bray, Steven R and Lee, Timothy D},
	year = {2013},
	keywords = {Autonomy support, Feedback, Motivation, Motor tasks, Practice, scfb, Self-control, Self-Control},
	pages = {1--17},
}

@article{wulf2016,
	title = {Optimizing performance through intrinsic motivation and attention for learning: {The} {OPTIMAL} theory of motor learning},
	volume = {23},
	issn = {1069-9384},
	url = {http://link.springer.com/10.3758/s13423-015-0999-9},
	doi = {10.3758/s13423-015-0999-9},
	number = {5},
	journal = {Psychonomic Bulletin \& Review},
	author = {Wulf, Gabriele and Lewthwaite, Rebecca},
	year = {2016},
	keywords = {attentional focus, basis as well for, dopamine, human, in, many of the highest, Mendeley Import (Mar 25), motivation, motor performance, positive affect, scfb, Self-Control, self-efficacy, skilled movement is fundamental, the world and the, to surviving and thriving},
	pages = {1382--1414},
}

@article{carter2014,
	title = {Self-controlled feedback is effective if it is based on the learner’s performance: a replication and extension of {Chiviacowsky} and {Wulf} (2005)},
	volume = {5},
	issn = {1664-1078},
	url = {http://dx.doi.org/10.3389/fpsyg.2014.01325},
	doi = {10.3389/fpsyg.2014.01325},
	journal = {Frontiers in Psychology},
	author = {Carter, Michael J. and Carlsen, Anthony N. and Ste-Marie, Diane M.},
	year = {2014},
	keywords = {error estimation, knowledge of results, learner-controlled, Mar 27 import, motor learning, scfb, self-control, Self-Control},
	pages = {1--10},
}

@article{carter2016,
	title = {Motor skill retention is modulated by strategy choice during self-controlled knowledge of results schedules},
	volume = {4},
	issn = {2325-3193},
	url = {http://dx.doi.org/10.1123/jmld.2015-0023},
	doi = {10.1123/jmld.2015-0023},
	journal = {Journal of Motor Learning and Development},
	author = {Carter, Michael J. and Rathwell, Scott and Ste-Marie, Diane M.},
	year = {2016},
	keywords = {feedback, information processing, Mendeley Import (Mar 25), motor learning, scfb, strategies, thematic analysis},
	pages = {100--115},
}

@article{carter2017a,
	title = {An interpolated activity during the knowledge-of-results delay interval eliminates the learning advantages of self-controlled feedback schedules},
	volume = {81},
	issn = {0340-0727},
	url = {http://dx.doi.org/10.1007/s00426-016-0757-2},
	doi = {10.1007/s00426-016-0757-2},
	number = {2},
	journal = {Psychological Research},
	author = {Carter, Michael J. and Ste-Marie, Diane M.},
	year = {2017},
	note = {Publisher: Springer Berlin Heidelberg},
	keywords = {Mendeley Import (Mar 25), scfb},
	pages = {399--406},
}

@incollection{stemarie2019,
  title = {Self-controlled learning: {{Current}} findings, theoretical perspectives, and future directions},
  shorttitle = {Self-Controlled Learning},
  booktitle = {Skill acquisition in sport: Research, theory and practice},
  author = {Ste-Marie, Diane M. and Carter, Michael J. and Yantha, Zachary D.},
  date = {2020},
  edition = {3},
  publisher = {{Routledge}},
  isbn = {978-1-351-18975-0}
}

@article{carter2012,
  title = {Self-controlled knowledge of results: {{Age-related}} differences in motor learning, strategies, and error detection},
  shorttitle = {Self-Controlled Knowledge of Results},
  author = {Carter, Michael J. and Patterson, Jae T.},
  date = {2012-12-01},
  journaltitle = {Human Movement Science},
  shortjournal = {Human Movement Science},
  volume = {31},
  number = {6},
  pages = {1459--1472},
  issn = {0167-9457},
  doi = {10.1016/j.humov.2012.07.008},
  url = {https://www.sciencedirect.com/science/article/pii/S0167945712001017},
  urldate = {2022-03-02},
  langid = {english},
  keywords = {Error detection,Feedback,Older adults,Performance estimation,Practice}
}

@article{sherwood1996,
  title={The benefits of random variable practice for spatial accuracy and error detection in a rapid aiming task},
  author={Sherwood, David E.},
  journal={Research Quarterly for Exercise and Sport},
  volume={67},
  number={1},
  pages={35--43},
  year={1996},
  doi = {10.1080/02701367.1996.10607923},
  publisher={Taylor \& Francis}
}

@article{sherwood2009,
  title={Spatial error detection in rapid unimanual and bimanual aiming movements},
  author={Sherwood, David E},
  journal={Perceptual and Motor Skills},
  volume={108},
  number={1},
  pages={3--14},
  year={2009},
  doi = {10.2466/PMS.108.1.3-14},
  publisher={SAGE Publications Sage CA: Los Angeles, CA}
}

@techreport{simmons2012,
	title = {A 21 Word Solution},
	author = {{Simmons}, {Joseph P.} and {Nelson}, {Leif D.} and {Simonsohn}, {Uri}},
	year = {2012},
	month = {10},
	date = {2012-10-14},
	doi = {10.2139/ssrn.2160588},
	url = {https://papers.ssrn.com/abstract=2160588},
	note = {DOI: 10.2139/ssrn.2160588},
	address = {Rochester, NY},
	langid = {en}
}

@article{henry1974,
  title={Variable and constant performance errors within a group of individuals},
  author={Henry, Franklin M.},
  journal={Journal of Motor Behavior},
  volume={6},
  number={3},
  pages={149--154},
  year={1974},
  doi = {10.1080/00222895.1974.10734991},
  publisher={Taylor \& Francis}
}

@article{henry1975,
  title={Absolute error vs “E” in target accuracy},
  author={Henry, Franklin M.},
  journal={Journal of Motor Behavior},
  volume={7},
  number={3},
  pages={227--228},
  year={1975},
  doi = {10.1080/00222895.1975.10735039},
  publisher={Taylor \& Francis}
}

@article{rousselet2020,
  title={Reaction times and other skewed distributions: Problems with the mean and the median},
  author={Rousselet, Guillaume A. and Wilcox, Rand R.},
  journal={Meta-Psychology},
  volume={4},
  pages={1--39},
  year={2020}
}

@book{wilcox2021,
  title={Introduction to robust estimation and hypothesis testing},
  author={Wilcox, Rand R.},
  year={2021},
  edition={5th},
  publisher={Academic press}
}

@article{schuirmann1987,
  title = {A comparison of the Two One-Sided Tests Procedure and the Power Approach for assessing the equivalence of average bioavailability},
  author = {Schuirmann, Donald J.},
  year = {1987},
  month = {12},
  date = {1987-12-01},
  journal = {Journal of Pharmacokinetics and Biopharmaceutics},
  pages = {657--680},
  volume = {15},
  number = {6},
  doi = {10.1007/BF01068419},
  url = {https://doi.org/10.1007/BF01068419},
  langid = {en}
}

@article{lohse2016,
  title = {Underpowered and Overworked: Problems With Data Analysis in Motor Learning Studies},
  author = {Lohse, Keith R. and Buchanan, Taylor and Miller, Matthew W.},
  year = {2016},
  month = {06},
  date = {2016-06-01},
  journal = {Journal of Motor Learning and Development},
  pages = {37--58},
  volume = {4},
  number = {1},
  doi = {10.1123/jmld.2015-0010},
  url = {http://journals.humankinetics.com/view/journals/jmld/4/1/article-p37.xml},
  note = {Publisher: Human Kinetics, Inc.
Section: Journal of Motor Learning and Development},
  langid = {en{\_}US}
}

@article{post2016,
  title={Self-control over combined video feedback and modeling facilitates motor learning},
  author={Post, Phillip G. and Aiken, Christopher A. and Laughlin, David D. and Fairbrother, Jeffrey T.},
  journal={Human Movement Science},
  volume={47},
  pages={49--59},
  year={2016},
  publisher={Elsevier}
}

@article{wulf2015,
  title={External focus and autonomy support: Two important factors in motor learning have additive benefits},
  author={Wulf, Gabriele and Chiviacowsky, Suzete and Drews, Ricardo},
  journal={Human Movement Science},
  volume={40},
  pages={176--184},
  year={2015},
  publisher={Elsevier}
}

@article{lakens2014,
  title={Sailing from the seas of chaos into the corridor of stability: Practical recommendations to increase the informational value of studies},
  author={Lakens, Dani{\"e}l and Evers, Ellen R. K.},
  journal={Perspectives on Psychological Science},
  volume={9},
  number={3},
  pages={278--292},
  year={2014},
  publisher={Sage Publications Sage CA: Los Angeles, CA}
}

@article{stemarie2016,
	title = {Self-controlled learning benefits: exploring contributions of self-efficacy and intrinsic motivation via path analysis},
	author = {{Ste-Marie}, {Diane M.} and {Carter}, {Michael J.} and {Law}, {Barbi} and {Vertes}, {Kelly} and {Smith}, {Victoria}},
	year = {2016},
	month = {09},
	date = {2016-09-01},
	journal = {Journal of Sports Sciences},
	pages = {1650--1656},
	volume = {34},
	number = {17},
	doi = {10.1080/02640414.2015.1130236},
	url = {https://doi.org/10.1080/02640414.2015.1130236},
}

@article{button2013,
	title = {Power failure: why small sample size undermines the reliability of neuroscience},
	author = {{Button}, {Katherine S.} and {Ioannidis}, {John P. A.} and {Mokrysz}, {Claire} and {Nosek}, {Brian A.} and {Flint}, {Jonathan} and {Robinson}, {Emma S. J.} and {Munafò}, {Marcus R.}},
	year = {2013},
	month = {05},
	date = {2013-05},
	journal = {Nature Reviews Neuroscience},
	pages = {365--376},
	volume = {14},
	number = {5},
	doi = {10.1038/nrn3475},
	url = {https://www.nature.com/articles/nrn3475},
	langid = {en}
}

@article{patall2008,
  title={The effects of choice on intrinsic motivation and related outcomes: a meta-analysis of research findings.},
  author={Patall, Erika A. and Cooper, Harris and Robinson, Jorgianne Civey},
  journal={Psychological Bulletin},
  volume={134},
  number={2},
  pages={270},
  year={2008},
  publisher={American Psychological Association}
}

@article{butcher2018,
  title={Decomposition of a sensory prediction error signal for visuomotor adaptation.},
  author={Butcher, Peter A. and Taylor, Jordan A.},
  journal={Journal of Experimental Psychology: Human Perception and Performance},
  volume={44},
  number={2},
  pages={176},
  year={2018},
  publisher={American Psychological Association}
}

@article{couvillion2020,
	title = {Increased cognitive load during acquisition of a continuous task eliminates the learning effects of self-controlled knowledge of results},
	author = {Couvillion, Kaylee F. and Bass, Andrew D. and Fairbrother, Jeffrey T.},
	year = {2020},
	journal = {Journal of Sports Sciences},
	pages = {94--99},
	volume = {38},
	number = {1},
	doi = {10.1080/02640414.2019.1682901},
	url = {https://doi.org/10.1080/02640414.2019.1682901},
	note = {Publisher: Taylor \& Francis},
	langid = {en}
}

@article{woodard2020,
	title = {Cognitive loading during and after continuous task execution alters the effects of self-controlled knowledge of results},
	author = {Woodard, Kaylee F. and Fairbrother, Jeffrey T.},
	year = {2020},
	date = {2020},
	journal = {Frontiers in Psychology},
	volume = {11},
	doi = {10.3389/fpsyg.2020.01046},
	langid = {English}
}

@article{sanli2013,
	title = {Understanding Self-Controlled Motor Learning Protocols through the Self-Determination Theory},
	author = {Sanli, Elizabeth A. and Patterson, Jae T. and Bray, Steven R. and Lee, Timothy D.},
	year = {2013},
	date = {2013},
	journal = {Frontiers in Psychology},
	volume = {3},
	doi = {10.3389/fpsyg.2012.00611},
	url = {https://www.frontiersin.org/articles/10.3389/fpsyg.2012.00611/full},
	note = {Publisher: Frontiers},
	langid = {English}
}

@article{simmons2011,
  title={False-positive psychology: Undisclosed flexibility in data collection and analysis allows presenting anything as significant},
  author={Simmons, Joseph P. and Nelson, Leif D. and Simonsohn, Uri},
  journal={Psychological Science},
  volume={22},
  number={11},
  pages={1359--1366},
  year={2011},
  doi={10.1177/0956797611417632},
  publisher={Sage Publications Sage CA: Los Angeles, CA}
}

@article{munafo2017,
  title={A manifesto for reproducible science},
  author={Munaf{\`o}, Marcus R. and Nosek, Brian A. and Bishop, Dorothy V. M. and Button, Katherine S. and Chambers, Christopher D. and Percie du Sert, Nathalie and Simonsohn, Uri and Wagenmakers, Eric-Jan and Ware, Jennifer J. and Ioannidis, John},
  journal={Nature Human Behaviour},
  volume={1},
  number={1},
  pages={1--9},
  year={2017},
  doi={10.1038/s41562-016-0021},
  publisher={Nature Publishing Group}
}

@article{izawa2011,
  title={Learning from sensory and reward prediction errors during motor adaptation},
  author={Izawa, Jun and Shadmehr, Reza},
  journal={PLoS Computational Biology},
  volume={7},
  number={3},
  pages={e1002012},
  year={2011},
  doi={10.1371/journal.pcbi.1002012},
  publisher={Public Library of Science San Francisco, USA}
}

@article{cashaback2019,
  title={The gradient of the reinforcement landscape influences sensorimotor learning},
  author={Cashaback, Joshua G. A. and Lao, Christopher K. and Palidis, Dimitrios J. and Coltman, Susan K. and McGregor, Heather R. and Gribble, Paul L.},
  journal={PLoS Computational Biology},
  volume={15},
  number={3},
  pages={e1006839},
  year={2019},
  doi={10.1371/journal.pcbi.1006839},
  publisher={Public Library of Science San Francisco, CA USA}
}

@article{cashaback2017,
  title={Dissociating error-based and reinforcement-based loss functions during sensorimotor learning},
  author={Cashaback, Joshua G. A. and McGregor, Heather R. and Mohatarem, Ayman and Gribble, Paul L.},
  journal={PLoS Computational Biology},
  volume={13},
  number={7},
  pages={e1005623},
  year={2017},
  doi={10.1371/journal.pcbi.1005623},
  publisher={Public Library of Science San Francisco, CA USA}
}

@article{magill1986,
  title={Knowledge of results precision as a learning variable in motor skill acquisition},
  author={Magill, Richard A. and Wood, Carol A.},
  journal={Research Quarterly for Exercise and Sport},
  volume={57},
  number={2},
  pages={170--173},
  year={1986},
  doi={10.1080/02701367.1986.10762195},
  publisher={Taylor \& Francis}
}

@article{cauraugh1993,
  title={Effects of traditional and reversed bandwidth knowledge of results on motor learning},
  author={Cauraugh, James H. and Chen, Dapeng and Radio, Steven J.},
  journal={Research Quarterly for Exercise and Sport},
  volume={64},
  number={4},
  pages={413--417},
  year={1993},
  doi={10.1080/02701367.1993.10607594},
  publisher={Taylor \& Francis}
}

@incollection{anderson2020,
  title = {Enhancing motor skill acquisition with augmented feedback},
  booktitle = {Skill acquisition in sport: Research, theory and practice},
  author = {Anderson, David I. and Magill, Richard A. and Mayo, Anthony M. and Steel, Kylie A.},
  date = {2020},
  edition = {3},
  publisher = {{Routledge}},
  isbn = {978-1-351-18975-0}
}

@article{lee1990,
  title={Bandwidth knowledge of results and motor learning: More than just a relative frequency effect},
  author={Lee, Timothy D. and Carnahan, Heather},
  journal={The Quarterly Journal of Experimental Psychology},
  volume={42},
  number={4},
  pages={777--789},
  year={1990},
  doi={10.1080/14640749008401249},
  publisher={Taylor \& Francis}
}

@article{bruechert2003,
  title={Reduced knowledge of results frequency enhances error detection},
  author={Bruechert, Lisa and Lai, Qin and Shea, Charles H.},
  journal={Research Quarterly for Exercise and Sport},
  volume={74},
  number={4},
  pages={467--472},
  year={2003},
  doi={10.1080/02701367.2003.10609116},
  publisher={Taylor \& Francis}
}

@article{harrell1982,
  title={A new distribution-free quantile estimator},
  author={Harrell, Frank E and Davis, CE},
  journal={Biometrika},
  volume={69},
  number={3},
  pages={635--640},
  year={1982},
  doi={10.1093/biomet/69.3.635},
  publisher={Oxford University Press}
}

@article{hochberg1988,
  title={A sharper Bonferroni procedure for multiple tests of significance},
  author={Hochberg, Yosef},
  journal={Biometrika},
  volume={75},
  number={4},
  pages={800--802},
  year={1988},
  doi={10.1093/biomet/75.4.800},
  publisher={Oxford University Press}
}

@article{faul2009,
  title={Statistical power analyses using G*Power 3.1: Tests for correlation and regression analyses},
  author={Faul, Franz and Erdfelder, Edgar and Buchner, Axel and Lang, Albert-Georg},
  journal={Behavior Research Methods},
  volume={41},
  number={4},
  pages={1149--1160},
  year={2009},
  doi={10.3758/BRM.41.4.1149},
  publisher={Springer}
}

@article{hansen2011,
  title={Self-control of feedback during motor learning: Accounting for the absolute amount of feedback using a yoked group with self-control over feedback},
  author={Hansen, Steve and Pfeiffer, Jacob and Patterson, Jae Todd},
  journal={Journal of Motor Behavior},
  volume={43},
  number={2},
  pages={113--119},
  year={2011},
  publisher={Taylor \& Francis}
}

@article{patterson2011,
  title={Decreasing the proportion of self-control trials during the acquisition period does not compromise the learning advantages in a self-controlled context},
  author={Patterson, Jae T and Carter, Michael and Sanli, Elizabeth},
  journal={Research Quarterly for Exercise and Sport},
  volume={82},
  number={4},
  pages={624--633},
  year={2011},
  publisher={Taylor \& Francis}
}

@article{stemarie2013,
  title={Learner-controlled self-observation is advantageous for motor skill acquisition},
  author={Ste-Marie, Diane M and Vertes, Kelly A and Law, Barbi and Rymal, Amanda M},
  journal={Frontiers in Psychology},
  volume={3},
  pages={556},
  year={2013},
  publisher={Frontiers Media SA}
}

@article{mckay2022,
  title={Meta-analysis of the reduced relative feedback frequency effect on motor learning and performance},
  author={McKay, Brad and Hussien, Julia and Vinh, Mary-Anne and Mir-Orefice, Alexandre and Brooks, Hugh and Ste-Marie, Diane M},
  journal={Psychology of Sport and Exercise},
  pages={102165},
  year={2022},
  publisher={Elsevier}
}

@article{chiviacowsky2002,
  title={Self-controlled feedback: Does it enhance learning because performers get feedback when they need it?},
  author={Chiviacowsky, Suzete and Wulf, Gabriele},
  journal={Research quarterly for exercise and sport},
  volume={73},
  number={4},
  pages={408--415},
  year={2002},
  publisher={Taylor \& Francis}
}

@article{janelle1997,
  title={Maximizing performance feedback effectiveness through videotape replay and a self-controlled learning environment},
  author={Janelle, Christopher M and Barba, Douglas A and Frehlich, Shane G and Tennant, L Keith and Cauraugh, James H},
  journal={Research quarterly for exercise and sport},
  volume={68},
  number={4},
  pages={269--279},
  year={1997},
  publisher={Taylor \& Francis}
}

@article{patterson2010,
  title={Learner regulated knowledge of results during the acquisition of multiple timing goals},
  author={Patterson, Jae T and Carter, Michael},
  journal={Human movement science},
  volume={29},
  number={2},
  pages={214--227},
  year={2010},
  publisher={Elsevier}
}

@article{guadagnoli2001,
  title={Knowledge of results for motor learning: Relationship between error estimation and knowledge of results frequency},
  author={Guadagnoli, Mark A and Kohl, Robert M},
  journal={Journal of motor behavior},
  volume={33},
  number={2},
  pages={217--224},
  year={2001},
  publisher={Taylor \& Francis}
}
